@Article{gmd-6-687-2013,
AUTHOR = {Bentsen, M. and Bethke, I. and Debernard, J. B. and Iversen, T. and Kirkev{\aa}g, A. and Seland, {\O}. and Drange, H. and Roelandt, C. and Seierstad, I. A. and Hoose, C. and Kristj\'ansson, J. E.},
TITLE = {The Norwegian Earth System Model, NorESM1-M – Part 1: Description and basic evaluation of the physical climate},
JOURNAL = {Geoscientific Model Development},
VOLUME = {6},
YEAR = {2013},
NUMBER = {3},
PAGES = {687--720},
URL = {https://www.geosci-model-dev.net/6/687/2013/},
DOI = {10.5194/gmd-6-687-2013}
}

@Article{gmd-6-389-2013,
AUTHOR = {Iversen, T. and Bentsen, M. and Bethke, I. and Debernard, J. B. and Kirkev{\aa}g, A. and Seland, {\O}. and Drange, H. and Kristjansson, J. E. and Medhaug, I. and Sand, M. and Seierstad, I. A.},
TITLE = {The Norwegian Earth System Model, NorESM1-M – Part 2: Climate response and scenario projections},
JOURNAL = {Geoscientific Model Development},
VOLUME = {6},
YEAR = {2013},
NUMBER = {2},
PAGES = {389--415},
URL = {https://www.geosci-model-dev.net/6/389/2013/},
DOI = {10.5194/gmd-6-389-2013}
}
@Article{gmd-6-207-2013,
AUTHOR = {Kirkev{\aa}g, A. and Iversen, T. and Seland, {\O}. and Hoose, C. and Kristj\'ansson, J. E. and Struthers, H. and Ekman, A. M. L. and Ghan, S. and Griesfeller, J. and Nilsson, E. D. and Schulz, M.},
TITLE = {Aerosol–climate interactions in the Norwegian Earth System Model – NorESM1-M},
JOURNAL = {Geoscientific Model Development},
VOLUME = {6},
YEAR = {2013},
NUMBER = {1},
PAGES = {207--244},
URL = {https://www.geosci-model-dev.net/6/207/2013/},
DOI = {10.5194/gmd-6-207-2013}
}

@Article{gmd-6-301-2013,
AUTHOR = {Tjiputra, J. F. and Roelandt, C. and Bentsen, M. and Lawrence, D. M. and Lorentzen, T. and Schwinger, J. and Seland, {\O}. and Heinze, C.},
TITLE = {Evaluation of the carbon cycle components in the Norwegian Earth System Model (NorESM)},
JOURNAL = {Geoscientific Model Development},
VOLUME = {6},
YEAR = {2013},
NUMBER = {2},
PAGES = {301--325},
URL = {https://www.geosci-model-dev.net/6/301/2013/},
DOI = {10.5194/gmd-6-301-2013}
}
@Article{gmd-11-3945-2018,
AUTHOR = {Kirkev{\aa}g, A. and Grini, A. and Olivi\'e, D. and Seland, {\O}. and Alterskj{\ae}r, K. and Hummel, M. and Karset, I. H. H. and Lewinschal, A. and Liu, X. and Makkonen, R. and Bethke, I. and Griesfeller, J. and Schulz, M. and Iversen, T.},
TITLE = {A production-tagged aerosol module for Earth system models, OsloAero5.3 --
extensions and updates for CAM5.3-Oslo},
JOURNAL = {Geoscientific Model Development},
VOLUME = {11},
YEAR = {2018},
NUMBER = {10},
PAGES = {3945--3982},
URL = {https://www.geosci-model-dev.net/11/3945/2018/},
DOI = {10.5194/gmd-11-3945-2018}
}

